@Online{Bundesgesetzblatt.2019,
  author     = {{Bundesministerium f{\"u}r Verkehr und digitale Infrastruktur}},
  date       = {2019-06-14},
  editor     = {Bundesanzeiger Verlag},
  title      = {Bundesgesetzblatt},
  url        = {http://www.bgbl.de/xaver/bgbl/start.xav?startbk=Bundesanzeiger_BGBl&jumpTo=bgbl119s0753.pdf},
  urldate    = {2022-07-17},
  file       = {bundesgesetzblatt{\_}nr21{\_}2019:Attachments/bundesgesetzblatt{\_}nr21{\_}2019.pdf:application/pdf},
  issue      = {21},
  pages      = {756--769},
  pagination = {page},
  year       = {2019},
}


@TechReport{DalY.Ohm.2000,
  author      = {Ohm, Dal Y.},
  institution = {{Drivetech Inc., Blacksburg, Virginia}},
  title       = {Dynamic Model of PM Synchronous Motors},
  year        = {2000},
}


@book{Demtroder.2018,
 author = {Demtr{\"o}der, Wolfgang},
 year = {2018},
 title = {Experimentalphysik 1},
 url = {http://nbn-resolving.org/urn:nbn:de:bsz:31-epflicht-1576335},
 edition = {8. Aufl. 2018},
 publisher = {{Springer Berlin Heidelberg}},
 isbn = {978-3-662-54847-9},
 subtitle = {Mechanik und W{\"a}rme},
 language = {ger},
 location = {Berlin, Heidelberg},
 series = {Springer-Lehrbuch},
 pagetotal = {468},
 note = {Demtr{\"o}der, Wolfgang (VerfasserIn)}
}


@Online{gates.catalogue.2021,
  author   = {{Gates Corporation}},
  title    = {Gates Industrial Power Transmission},
  url      = {https://www.gates.com/content/dam/gates/home/knowledge-center/resource-library/catalogs/industrial-power-transmission-catalogue-de-de.pdf},
  subtitle = {Produktkatalog},
  urldate  = {2022-08-11},
  version  = {2021},
}


@online{GatesCorporation.drive.design.manual.2014,
 author = {{Gates Corporation}},
 year = {2014},
 title = {POWERGRIP{\circledR} GT{\circledR}3 Drive Design manual},
 url = {https://www.gates.com/content/dam/gates/home/knowledge-center/resource-library/catalogs/powergripdrivedesignmanual_17195_2014.pdf},
 urldate = {2022-07-16},
}


@Manual{INR18650.30Q.Specs.202202,
  author   = {Wan-Mook, Lim},
  date     = {2022-02-02},
  editor   = {{Samsung SDI Co., Ltd., Energy Business Division}},
  title    = {Specification of Product},
  subtitle = {Lithium-ion rechargeable cell for power tools Model name : INR18650-30Q},
  url      = {https://eu.nkon.nl/sk/k/30q-specs.pdf},
  urldate  = {2022-07-26},
  version  = {v1.0},
}


@online{inrunner.outrunner.2022,
 author = {Joner, Emrik},
 editor = {{Tyto Robotics Inc.}},
 date = {2021-08-19},
 title = {How Brushless Motors Work and How to Test Them},
 url = {https://www.tytorobotics.com/blogs/articles/how-brushless-motors-work},
 urldate = {2022-07-28}
 }

@online{vesc.documentation.2015,
 author = {Vedder, Benjamin},
 date = {2016-03-13},
 title = {VESC – Open Source ESC},
 url = {https://github.com/vedderb/bldc-hardware},
 urldate = {2022-07-28}
 }

@online{MAEDLERGmbH.2021,
 author = {{MAEDLER GmbH}},
 year = {2021},
 title = {Catalogue 42},
 url = {https://smarthost.maedler.de/files/Katalog42_EN.zip},
 urldate = {2022-07-14},
 version = {Edition no. 1}
}


@collection{Meschede.2015,
 year = {2015},
 title = {Gerthsen Physik},
 edition = {25. Auflage},
 publisher = {{Springer Spektrum}},
 isbn = {978-3-662-45977-5},
 series = {Springer-Lehrbuch},
 editor = {Meschede, Dieter},
 pagetotal = {1047},
 note = {Meschede, Dieter (HerausgeberIn)

Gerthsen, Christian (Sonstige Person, Familie und K{\"o}rperschaft)

Vogel, Helmut (Sonstige Person, Familie und K{\"o}rperschaft)},
 language = {ger},
 location = {Berlin and Heidelberg}
}


@online{thingiverse.tooth.profiles.2012,
 author = {``droftarts''},
 year = {2012},
 title = {Parametric pulley - lots of tooth profiles},
 url = {https://www.thingiverse.com/thing:16627},
 urldate = {2022-08-02},
}


@online{TorqueBoards6355.Specs,
 editor = {{DIY Electric Skateboard, Dallas USA}},
 title = {TorqueBoards 6355 190KV Motor},
 url = {https://diyelectricskateboard.com/products/electric-skateboard-motor-6355-190kv},
 urldate = {2022-08-12},
 subtitle = {Technical Specifications}
}


@online{zahl.der.ebikes.StatistischesBundesamt.2020.09.28,
 author = {{Statistisches Bundesamt}},
 date = {2020-09-28},
 title = {Zahl der Haushalte mit E-Bikes hat sich seit 2015 fast verdreifacht},
 url = {https://www.destatis.de/DE/Presse/Pressemitteilungen/2020/09/PD20_375_639.html},
 urldate = {2022-07-23},
 abstract = {Zum Jahresanfang 2020 besa{\ss}en 4,3 Millionen Haushalte in Deutschland mindestens ein Elektrofahrrad. Wie das Statistische Bundesamt (Destatis) mitteilt, hatte damit etwa jeder neunte Haushalt (11,4{\&}nbsp;{\%}) mindestens ein E-Bike. Anfang 2015 standen noch in 1,5{\&}nbsp;Millionen Haushalten Elektrofahrr{\"a}der. Damit hat sich die Zahl der Privathaushalte mit E-Bikes in den vergangenen f{\"u}nf Jahren nahezu verdreifacht.{\&}nbsp;},
 subtitle = {Pressemitteilung Nr. 375 vom 28. September 2020}
}


@article{material.advances.skateboarding.WATERMAN1978,
title = {Skateboards — a triumph of materials technology},
journal = {International Journal of Materials in Engineering Applications},
volume = {1},
number = {1},
pages = {7-12},
year = {1978},
issn = {0141-5530},
doi = {https://doi.org/10.1016/0141-5530(78)90002-X},
url = {https://www.sciencedirect.com/science/article/pii/014155307890002X},
author = {N.A. Waterman and A. Crease},
}


@article{air.drag.human.body.VANINGENSCHENAU1982,
title = {The influence of air friction in speed skating},
journal = {Journal of Biomechanics},
volume = {15},
number = {6},
pages = {449-458},
year = {1982},
issn = {0021-9290},
doi = {https://doi.org/10.1016/0021-9290(82)90081-1},
url = {https://www.sciencedirect.com/science/article/pii/0021929082900811},
author = {G.J. {van Ingen Schenau}},
}


@MastersThesis{mevey2009sensorless,
  author      = {James Robert Mevey},
  date        = {2009},
  institution = {Kansas State University},
  title       = {Sensorless Field Oriented Control of Brushless Permanent Magnet Synchronous Motors},
  url         = {https://krex.k-state.edu/dspace/bitstream/handle/2097/1507/JamesMevey2009.pdf},
  urldate     = {2022-09-12},
}


@TechReport{AN885.BLDC.fundamentals,
  author      = {Padmaraja Yedamal},
  date        = {2003},
  institution = {Microchip Technology Inc.},
  title       = {AN885},
  subtitle    = {Brushless DC (BLDC) Motor Fundamentals},
  url         = {http://ww1.microchip.com/downloads/en/AppNotes/00885a.pdf},
  urldate     = {2022-09-12},
}

@Comment{jabref-meta: databaseType:biblatex;}
